<?xml version="1.0" encoding="UTF-8" ?>
<collection xmlns:xsi="http://www.w3.org/2001/XMLSchema-instance"
    xsi:schemaLocation="http://www.loc.gov/MARC21/slim
        http://www.loc.gov/standards/marcxml/schema/MARC21slim.xsd"
    xmlns="http://www.loc.gov/MARC21/slim">
<record>
  <leader>00237cam a2200445 i 4500</leader>
  <controlfield tag="001">b12331648</controlfield>
  <controlfield tag="003">LeBAU</controlfield>
  <controlfield tag="005">20140710</controlfield>
  <controlfield tag="008">970131s1951    ua       b    ||0 0 ara d</controlfield>
  <datafield tag="035" ind1=" " ind2=" ">
    <subfield code="a">ocn784206921</subfield>
  </datafield>
  <datafield tag="040" ind1=" " ind2=" ">
    <subfield code="a">LEAUB</subfield>
    <subfield code="b">ara</subfield>
    <subfield code="e">rda</subfield>
    <subfield code="c">LEAUB</subfield>
    <subfield code="d">LEAUB</subfield>
  </datafield>
  <datafield tag="082" ind1="0" ind2="4">
    <subfield code="a">909.09767</subfield>
    <subfield code="2">22</subfield>
  </datafield>
  <datafield tag="100" ind1="1" ind2=" ">
    <subfield code="6">880-01</subfield>
    <subfield code="a">Nadvī, Abulḥasan ʻAlī,</subfield>
    <subfield code="d">1913-1999,</subfield>
    <subfield code="e">author.</subfield>
  </datafield>
  <datafield tag="245" ind1="1" ind2="0">
    <subfield code="6">880-02</subfield>
    <subfield code="a">Mādhā khasira al-‘ālam bi-inḥiṭāṭ al-Muslimīn /</subfield>
    <subfield code="c">ta’līf al-Sayyid Abī al-Ḥasan ‘Alī al-Ḥasanī al-Nadwī, wakīl nadwat al-‘ulamā’ bi-al-Hind.</subfield>
  </datafield>
  <datafield tag="250" ind1=" " ind2=" ">
    <subfield code="6">880-03</subfield>
    <subfield code="a">al-Ṭab‘ah al-thānīyah, mazīdah munaqqaḥah.</subfield>
  </datafield>
  <datafield tag="264" ind1=" " ind2="1">
    <subfield code="6">880-04</subfield>
    <subfield code="a">al-Qāhirah :</subfield>
    <subfield code="b">Maṭba‘at Dār al-Kitāb al-‘Arabī,</subfield>
    <subfield code="c">1370 H. = 1951 M.</subfield>
  </datafield>
  <datafield tag="300" ind1=" " ind2=" ">
    <subfield code="6">880-05</subfield>
    <subfield code="a">255 pages ;</subfield>
    <subfield code="c">24 cm</subfield>
  </datafield>
  <datafield tag="336" ind1=" " ind2=" ">
    <subfield code="a">text</subfield>
    <subfield code="b">txt</subfield>
    <subfield code="2">rdacontent</subfield>
  </datafield>
  <datafield tag="337" ind1=" " ind2=" ">
    <subfield code="a">unmediated</subfield>
    <subfield code="b">n</subfield>
    <subfield code="2">rdamedia</subfield>
  </datafield>
  <datafield tag="338" ind1=" " ind2=" ">
    <subfield code="a">volume</subfield>
    <subfield code="b">nc</subfield>
    <subfield code="2">rdacarrier</subfield>
  </datafield>
  <datafield tag="500" ind1=" " ind2=" ">
    <subfield code="a">في رأس العنوان: جماعة الأزهر للنشر والتأليف.</subfield>
  </datafield>
  <datafield tag="504" ind1=" " ind2=" ">
    <subfield code="a">يتضمن مراجع ببليوغرافية.</subfield>
  </datafield>
  <datafield tag="650" ind1=" " ind2="4">
    <subfield code="a">الحضارة الاسلامية.</subfield>
  </datafield>
  <datafield tag="650" ind1=" " ind2="4">
    <subfield code="a">الحضارة الغربية.</subfield>
  </datafield>
  <datafield tag="650" ind1=" " ind2="0">
    <subfield code="a">Islamic civilization.</subfield>
  </datafield>
  <datafield tag="650" ind1=" " ind2="0">
    <subfield code="a">Civilization, Western.</subfield>
  </datafield>
  <datafield tag="775" ind1="0" ind2=" ">
    <subfield code="6">880-06</subfield>
    <subfield code="t">Mādhā khasira al-‘ālam bi-inḥiṭāṭ al-Muslimīn.</subfield>
    <subfield code="b">al-Ṭab‘ah al-ūlá</subfield>
    <subfield code="d">al-Qāhirah : Maṭba‘at Lajnat al-Ta’līf wa-al-Tarjamah wa-al-Nashr, 1950</subfield>
    <subfield code="w">(OCoLC)784206922</subfield>
    <subfield code="w">(OCoLC)784206922</subfield>
  </datafield>
  <datafield tag="775" ind1="0" ind2=" ">
    <subfield code="6">880-07</subfield>
    <subfield code="t">Mādhā khasira al-‘ālam bi-inḥiṭāṭ al-Muslimīn.</subfield>
    <subfield code="b">al-Ṭab‘ah al-sābi‘ah, mazīdah munaqqaḥah</subfield>
    <subfield code="d">al-Qāhirah : Maṭba‘at Dār al-Kitāb al-‘Arabī, 1982</subfield>
    <subfield code="w">b18272460</subfield>
  </datafield>
  <datafield tag="852" ind1=" " ind2=" ">
    <subfield code="a">Jafet Library</subfield>
    <subfield code="e">American University of Beirut, Bliss Street , Beirut, Lebanon.</subfield>
  </datafield>
  <datafield tag="880" ind1="1" ind2=" ">
    <subfield code="6">100-01/(3/r</subfield>
    <subfield code="a">الندوي، ابو الحسن علي،</subfield>
    <subfield code="d">1913-1999،</subfield>
    <subfield code="e">مؤلف. </subfield>
    <subfield code="4">aut.</subfield>
  </datafield>
  <datafield tag="880" ind1="1" ind2="0">
    <subfield code="6">245-02/(3/r</subfield>
    <subfield code="a">ماذا خسر العالم بإنحطاط المسلمين /</subfield>
    <subfield code="c">تأليف السيد أبي الحسن علي الحسني الندوي، وكيل ندوة العلماء بالهند.</subfield>
  </datafield>
  <datafield tag="880" ind1=" " ind2=" ">
    <subfield code="6">250-03/(3/r</subfield>
    <subfield code="a">الطبعة الثانية، مزيدة منقحة.</subfield>
  </datafield>
  <datafield tag="880" ind1=" " ind2="1">
    <subfield code="6">264-04/(3/r</subfield>
    <subfield code="a">القاهرة :</subfield>
    <subfield code="b">مطبعة دار الكتاب العربي،</subfield>
    <subfield code="c">1370 هـ. = 1951 م.</subfield>
  </datafield>
  <datafield tag="880" ind1=" " ind2=" ">
    <subfield code="6">300-05/(3/r</subfield>
    <subfield code="a">255 صفحة ؛</subfield>
    <subfield code="c">24 سم</subfield>
  </datafield>
  <datafield tag="880" ind1="0" ind2=" ">
    <subfield code="6">775-06/(3/r</subfield>
    <subfield code="t">ماذا خسر العالم بإنحطاط المسلمين.</subfield>
    <subfield code="b">الطبعة الأولى</subfield>
    <subfield code="d">القاهرة : مطبعة لجنة التأليف والترجمة والنشر، 1950</subfield>
    <subfield code="w">b1233165x</subfield>
    <subfield code="w">(OCoLC)784206922</subfield>
  </datafield>
  <datafield tag="880" ind1="0" ind2=" ">
    <subfield code="6">775-07/(3/r</subfield>
    <subfield code="t">ماذا خسر العالم بإنحطاط المسلمين.</subfield>
    <subfield code="b">الطبعة السابعة، مزيدة منقحة</subfield>
    <subfield code="d">القاهرة : مطبعة دار الكتاب العربي، 1982</subfield>
    <subfield code="w">b18272460</subfield>
  </datafield>
  <datafield tag="907" ind1=" " ind2=" ">
    <subfield code="a">.b12331648</subfield>
    <subfield code="b">16-08-25</subfield>
    <subfield code="c">11-05-24</subfield>
  </datafield>
  <datafield tag="907" ind1=" " ind2=" ">
    <subfield code="a">.b12331648</subfield>
    <subfield code="b">15-10-15</subfield>
    <subfield code="c">11-05-24</subfield>
  </datafield>
  <datafield tag="945" ind1=" " ind2=" ">
    <subfield code="f">J</subfield>
    <subfield code="a">909.09767:N138mA:1951:c.1</subfield>
    <subfield code="g">1</subfield>
    <subfield code="i">01003014</subfield>
    <subfield code="j">.i12763548</subfield>
    <subfield code="l">u0503</subfield>
  </datafield>
  <datafield tag="998" ind1=" " ind2=" ">
    <subfield code="a">u05</subfield>
    <subfield code="b">97-01-31</subfield>
    <subfield code="c">m</subfield>
    <subfield code="d">a</subfield>
    <subfield code="e">-</subfield>
    <subfield code="f">ara</subfield>
    <subfield code="g">ua </subfield>
    <subfield code="h">0</subfield>
    <subfield code="i">1</subfield>
  </datafield>
</record>
</collection>
